<collection xmlns="http://www.loc.gov/MARC21/slim"><record><leader>00645nam  2200193   450</leader><controlfield tag="001">947</controlfield><controlfield tag="003">http://montalegre.opacnet.com/OPAC/default.aspx?ContentAreaControl=ShowRegHoldings.ascx&amp;RegNo=16662</controlfield><datafield tag="035" ind1=" " ind2=" "><subfield code="a">cmpen002_f/16-02-2005/90</subfield></datafield><datafield tag="100" ind1=" " ind2=" "><subfield code="a">20061013d19711990a  y0pory0103    ba</subfield></datafield><datafield tag="101" ind1="1" ind2=" "><subfield code="a">por</subfield><subfield code="c">fre</subfield></datafield><datafield tag="102" ind1=" " ind2=" "><subfield code="a">PT</subfield></datafield><datafield tag="200" ind1="1" ind2=" "><subfield code="a">&lt;Os &gt;melhores contos de Julio Verne</subfield><subfield code="f">apresentação e selecção de Lima da Costa</subfield></datafield><datafield tag="210" ind1=" " ind2=" "><subfield code="a">gueda</subfield><subfield code="c">Arcádia</subfield><subfield code="d">1971</subfield></datafield><datafield tag="215" ind1=" " ind2=" "><subfield code="a">272p.</subfield><subfield code="d">21cm</subfield></datafield><datafield tag="225" ind1="2" ind2=" "><subfield code="a">Antologia</subfield><subfield code="v">22</subfield></datafield><datafield tag="675" ind1=" " ind2=" "><subfield code="a">82-34</subfield><subfield code="v">BN</subfield><subfield code="z">por</subfield></datafield><datafield tag="700" ind1=" " ind2="1"><subfield code="a">Verne</subfield><subfield code="b">Jules</subfield><subfield code="f">1828-1905</subfield></datafield><datafield tag="801" ind1=" " ind2="0"><subfield code="a">PT</subfield><subfield code="b">Biblioteca Municipal de Montalegre</subfield><subfield code="g">RPC</subfield></datafield><datafield tag="856" ind1=" " ind2=" "><subfield code="u">locateMedia.asp?cod=20060703103608&amp;ext=jpg</subfield><subfield code="z">CAPA</subfield></datafield><datafield tag="909" ind1="&#9;" ind2=" "><subfield code="a">1</subfield></datafield><datafield tag="966" ind1=" " ind2=" "><subfield code="a">0011886</subfield><subfield code="l">BMM</subfield><subfield code="s">SCG 82-34 VER mel 22</subfield></datafield></record></collection>